<?xml version="1.0" encoding="utf-8"?>
<record xmlns="http://www.loc.gov/MARC21/slim" xmlns:xsi="http://www.w3.org/2001/XMLSchema-instance" xsi:schemaLocation="http://www.loc.gov/MARC21/slim http://www.loc.gov/standards/marcxml/schema/MARC21slim.xsd">
	<leader>     nam a22     Mi 4500</leader>
	<controlfield tag="001">b12397635</controlfield>
	<controlfield tag="003">LeBAU</controlfield>
	<controlfield tag="006">m        d        </controlfield>
	<controlfield tag="007">cr cn |||m|||a</controlfield>
	<controlfield tag="008">200121s1952    ua      o     ||0 0 ara d</controlfield>
	<datafield ind1=" " ind2=" " tag="040">
		<subfield code="a">ZYU</subfield>
		<subfield code="b">ara</subfield>
		<subfield code="e">rda</subfield>
		<subfield code="c">ZYU</subfield>
	</datafield>
	<datafield ind1="1" ind2=" " tag="041">
		<subfield code="a">ara</subfield>
		<subfield code="h">eng</subfield>
	</datafield>
	<datafield ind1="0" ind2="4" tag="082">
		<subfield code="a">312</subfield>
		<subfield code="2">20</subfield>
	</datafield>
	<datafield ind1="1" ind2=" " tag="100">
		<subfield code="6">880-01</subfield>
		<subfield code="a">Chandrasekhar, S.</subfield>
		<subfield code="q">(Sripati),</subfield>
		<subfield code="d">1918-2001,</subfield>
		<subfield code="e">author.</subfield>
	</datafield>
	<datafield ind1="1" ind2="0" tag="240">
		<subfield code="a">Hungry people and empty lands.</subfield>
		<subfield code="l">Arabic</subfield>
	</datafield>
	<datafield ind1="1" ind2="0" tag="245">
		<subfield code="6">880-02</subfield>
		<subfield code="a">Shuʻūb jāʼiʻah wa-arāḍin ʻadhrāʼ :</subfield>
		<subfield code="b">baḥth fī mushkilāt al-sukkān wa-ḥālāt al-tawattur bayna al-duwal /</subfield>
		<subfield code="c">Allafahu S. Shāndrāsikahār ; qaddama la-hu Wilyam Fūt ; tarjamat ʻAlī ʻIzzat al-Anṣārī ; murājaʻat Maḥmūd Fatḥī ʻUmar.</subfield>
	</datafield>
	<datafield ind1=" " ind2="1" tag="264">
		<subfield code="6">880-03</subfield>
		<subfield code="a">[al-Qāhirah] :</subfield>
		<subfield code="b">Maṭābiʻ al-Dār al-Qawmīyah,</subfield>
		<subfield code="c">1952.</subfield>
	</datafield>
	<datafield ind1=" " ind2=" " tag="300">
		<subfield code="6">880-04</subfield>
		<subfield code="a">online resource (168 pages)</subfield>
	</datafield>
	<datafield ind1=" " ind2=" " tag="336">
		<subfield code="a">text</subfield>
		<subfield code="2">rdacontent</subfield>
	</datafield>
	<datafield ind1=" " ind2=" " tag="337">
		<subfield code="a">computer</subfield>
		<subfield code="2">rdamedia</subfield>
	</datafield>
	<datafield ind1=" " ind2=" " tag="338">
		<subfield code="a">online resource</subfield>
		<subfield code="2">rdacarrier</subfield>
	</datafield>
	<datafield ind1="1" ind2=" " tag="490">
		<subfield code="6">880-05</subfield>
		<subfield code="a">Ikhtarnā laka</subfield>
	</datafield>
	<datafield ind1=" " ind2=" " tag="500">
		<subfield code="a">Part of the Arabic Collections Online (ACO) project, contributed by American University of Beirut's Jafet Memorial Library.</subfield>
	</datafield>
	<datafield ind1=" " ind2=" " tag="533">
		<subfield code="a">Electronic reproduction.</subfield>
		<subfield code="b">New York, N.Y. :</subfield>
		<subfield code="c">New York University,</subfield>
		<subfield code="d">2020.</subfield>
		<subfield code="5">NNU</subfield>
	</datafield>
	<datafield ind1=" " ind2="0" tag="650">
		<subfield code="6">880-06</subfield>
		<subfield code="a">Population.</subfield>
	</datafield>
	<datafield ind1=" " ind2="0" tag="650">
		<subfield code="6">880-07</subfield>
		<subfield code="a">Emigration and immigration.</subfield>
	</datafield>
	<datafield ind1=" " ind2="0" tag="650">
		<subfield code="6">880-08</subfield>
		<subfield code="a">Food supply.</subfield>
	</datafield>
	<datafield ind1=" " ind2="0" tag="651">
		<subfield code="6">880-09</subfield>
		<subfield code="a">Asia</subfield>
		<subfield code="x">Politics and government.</subfield>
	</datafield>
	<datafield ind1="1" ind2=" " tag="700">
		<subfield code="6">880-10</subfield>
		<subfield code="a">Vogt, William,</subfield>
		<subfield code="d">1902-1968,</subfield>
		<subfield code="e">author of introduction.</subfield>
	</datafield>
	<datafield ind1="1" ind2=" " tag="700">
		<subfield code="6">880-11</subfield>
		<subfield code="a">Anṣārī, ʻAlī ʻIzzat,</subfield>
		<subfield code="e">translator.</subfield>
	</datafield>
	<datafield ind1="1" ind2=" " tag="700">
		<subfield code="6">880-12</subfield>
		<subfield code="a">ʻUmar, Maḥmūd Fatḥī,</subfield>
		<subfield code="e">reviewer.</subfield>
	</datafield>
	<datafield ind1="2" ind2=" " tag="710">
		<subfield code="a">Jafet Memorial Library.</subfield>
	</datafield>
	<datafield ind1="0" ind2=" " tag="730">
		<subfield code="a">Arabic Collections Online.</subfield>
	</datafield>
	<datafield ind1="0" ind2=" " tag="765">
		<subfield code="6">880-13</subfield>
		<subfield code="i">is translation of</subfield>
		<subfield code="4">http://rdaregistry.info/Elements/e/P20141:</subfield>
		<subfield code="a">Chandrasekhar, S. (Sripati), 1918-2001.</subfield>
		<subfield code="t">Hungry people and empty lands : an essay on population problems and international tensions.</subfield>
		<subfield code="d">London : G. Allen &amp; Unwin, [1954]</subfield>
		<subfield code="w">(OCoLC)01280956</subfield>
		<subfield code="w">(OCoLC)01280956</subfield>
	</datafield>
	<datafield ind1="0" ind2="8" tag="776">
		<subfield code="i">Print version:</subfield>
		<subfield code="a">Chandrasekhar, S. (Sripati), 1918-2001, author.</subfield>
		<subfield code="t">Shuʻūb jāʼiʻah wa-arāḍin ʻadhrāʼ</subfield>
		<subfield code="w">(LeBAU)b12397635</subfield>
	</datafield>
	<datafield ind1=" " ind2="0" tag="830">
		<subfield code="6">880-14</subfield>
		<subfield code="a">Ikhtarnā laka.</subfield>
	</datafield>
	<datafield ind1="4" ind2="0" tag="856">
		<subfield code="u">http://hdl.handle.net/2333.1/bg79cz16</subfield>
	</datafield>
	<datafield ind1="1" ind2=" " tag="880">
		<subfield code="6">100-01</subfield>
		<subfield code="a">شاندراسكهار، س.</subfield>
		<subfield code="q">(سريباتي)،</subfield>
		<subfield code="d">1918-2001،</subfield>
		<subfield code="e">مؤلف.</subfield>
		<subfield code="4">aut.</subfield>
	</datafield>
	<datafield ind1="1" ind2="0" tag="880">
		<subfield code="6">245-02</subfield>
		<subfield code="a">شعوب جائعة وأراض عذراء :</subfield>
		<subfield code="b">بحث في مشكلات السكان وحالات التوتر بين الدول /</subfield>
		<subfield code="c">ألفه س. شاندراسكهار ؛ قدم له وليم فوت ؛ ترجمة علي عزت الأنصاري ؛ مراجعة محمود فتحي عمر.</subfield>
	</datafield>
	<datafield ind1=" " ind2="1" tag="880">
		<subfield code="6">264-03</subfield>
		<subfield code="a">[القاهرة] :</subfield>
		<subfield code="b">مطابع الدار القومية،</subfield>
		<subfield code="c">1952.</subfield>
	</datafield>
	<datafield ind1=" " ind2=" " tag="880">
		<subfield code="6">300-04</subfield>
		<subfield code="a">168 صفحة ؛</subfield>
		<subfield code="c">24 سم.</subfield>
	</datafield>
	<datafield ind1="1" ind2=" " tag="880">
		<subfield code="6">490-05</subfield>
		<subfield code="a">اخترنا لك</subfield>
	</datafield>
	<datafield ind1=" " ind2="4" tag="880">
		<subfield code="6">650-06</subfield>
		<subfield code="a">السكان.</subfield>
	</datafield>
	<datafield ind1=" " ind2="4" tag="880">
		<subfield code="6">650-07</subfield>
		<subfield code="a">الهجرة والمهاجرة.</subfield>
	</datafield>
	<datafield ind1=" " ind2="4" tag="880">
		<subfield code="6">650-08</subfield>
		<subfield code="a">التموين الغذائي.</subfield>
	</datafield>
	<datafield ind1=" " ind2="4" tag="880">
		<subfield code="6">651-09</subfield>
		<subfield code="a">آسيا</subfield>
		<subfield code="x">السياسة والحكومة.</subfield>
	</datafield>
	<datafield ind1="1" ind2=" " tag="880">
		<subfield code="6">700-10</subfield>
		<subfield code="a">فوت، وليم،</subfield>
		<subfield code="d">1902-1968،</subfield>
		<subfield code="e">مقدم.</subfield>
		<subfield code="4">aui.</subfield>
	</datafield>
	<datafield ind1="1" ind2=" " tag="880">
		<subfield code="6">700-11</subfield>
		<subfield code="a">الانصاري، علي عزت،</subfield>
		<subfield code="e">مترجم.</subfield>
		<subfield code="4">trl.</subfield>
	</datafield>
	<datafield ind1="1" ind2=" " tag="880">
		<subfield code="6">700-12</subfield>
		<subfield code="a">عمر، محمود فتحي،</subfield>
		<subfield code="e">مراجع.</subfield>
		<subfield code="4">rev.</subfield>
	</datafield>
	<datafield ind1="0" ind2=" " tag="880">
		<subfield code="6">765-13</subfield>
		<subfield code="i">ترجمة كتاب</subfield>
		<subfield code="4">http://rdaregistry.info/Elements/e/P20141:</subfield>
		<subfield code="a">Chandrasekhar, S. (Sripati), 1918-2001.</subfield>
		<subfield code="t">Hungry people and empty lands : an essay on population problems and international tensions.</subfield>
		<subfield code="d">London : G. Allen &amp; Unwin, [1954]</subfield>
		<subfield code="w">b11483404</subfield>
		<subfield code="w">(OCoLC)01280956</subfield>
	</datafield>
	<datafield ind1=" " ind2="0" tag="880">
		<subfield code="6">830-14</subfield>
		<subfield code="a">اخترنا لك.</subfield>
	</datafield>
	<datafield ind1=" " ind2=" " tag="959">
		<subfield code="a">NNU</subfield>
		<subfield code="b">WEB</subfield>
		<subfield code="c">GENI</subfield>
		<subfield code="t">0</subfield>
		<subfield code="m">Electronic access</subfield>
		<subfield code="s">01</subfield>
	</datafield>
	<datafield ind1=" " ind2=" " tag="999">
		<subfield code="i">LeBAU_b12397635</subfield>
		<subfield code="s">aub_aco002593</subfield>
		<subfield code="e">(ERROR-880)(ERROR-MISC)</subfield>
		<subfield code="s">aub_aco002593</subfield>
	</datafield>
</record>
